<?xml version="1.0" encoding="UTF-8"?>
<collection xmlns:xsi="http://www.w3.org/2001/XMLSchema-instance" xsi:schemaLocation="http://www.loc.gov/MARC21/slim http://www.loc.gov/standards/marcxml/schema/MARC21slim.xsd" xmlns="http://www.loc.gov/MARC21/slim">
<record>
  <leader>00803cam a2200193K  4500</leader>
  <controlfield tag="001">4893622</controlfield>
  <controlfield tag="003">NNC</controlfield>
  <controlfield tag="005">20050323161631.0</controlfield>
  <controlfield tag="008">041022m19251926iq            000 0 ara d</controlfield>
  <datafield tag="035" ind1=" " ind2=" ">
    <subfield code="a">(OCoLC)ocm56798345</subfield>
  </datafield>
  <datafield tag="035" ind1=" " ind2=" ">
    <subfield code="a">(NNC)4893622</subfield>
  </datafield>
  <datafield tag="040" ind1=" " ind2=" ">
    <subfield code="a">ZCU</subfield>
    <subfield code="c">ZCU</subfield>
  </datafield>
  <datafield tag="099" ind1=" " ind2=" ">
    <subfield code="a">893.7112</subfield>
    <subfield code="a">N16</subfield>
  </datafield>
  <datafield tag="100" ind1="1" ind2=" ">
    <subfield code="a">Naqdī, Jaʻfar,</subfield>
    <subfield code="d">1885-1951.</subfield>
  </datafield>
  <datafield tag="240" ind1="1" ind2="0">
    <subfield code="a">Minan al-raḥmān fī sharḥ Wasīlat al-fawz wa-al-amān fī madḥ ṣāḥib al-ʻaṣr wa-al-zamān</subfield>
  </datafield>
  <datafield tag="245" ind1="1" ind2="0">
    <subfield code="a">Kitāb Minan al-Raḥmān,</subfield>
    <subfield code="b">fī sharḥ Wasīlat alfawz wa-al-amān fī madḥ Ṣāḥib al-A︠ṣr wa-al-Zamān</subfield>
    <subfield code="c">(a︠jjala Allāh taā︠lā farajahū) ta ︡līf Jaf︠ar ibn Muḥammad al-Naqdị̄.</subfield>
  </datafield>
  <datafield tag="260" ind1=" " ind2=" ">
    <subfield code="a">al-Najaf,</subfield>
    <subfield code="b">al-Maṭb. al-Ḥaydarīyah,</subfield>
    <subfield code="c">1344-45 h. [1925-26]</subfield>
  </datafield>
  <datafield tag="300" ind1=" " ind2=" ">
    <subfield code="a">[1 v.]</subfield>
  </datafield>
  <datafield tag="955" ind1=" " ind2=" ">
    <subfield code="b">CU59032570</subfield>
    <subfield code="d">off,glx</subfield>
    <subfield code="e">893.7112 N16</subfield>
  </datafield>
</record>
</collection>